@article{chowdhary2020natural,
  title={Natural language processing},
  author={Chowdhary, KR1442},
  journal={Fundamentals of artificial intelligence},
  pages={603--649},
  year={2020},
  publisher={Springer}
}

@article{cambria2014jumping,
  title={Jumping NLP curves: A review of natural language processing research},
  author={Cambria, Erik and White, Bebo},
  journal={IEEE Computational intelligence magazine},
  volume={9},
  number={2},
  pages={48--57},
  year={2014},
  publisher={IEEE}
}

@inproceedings{georgakopoulos2018convolutional,
  title={Convolutional neural networks for toxic comment classification},
  author={Georgakopoulos, Spiros V and Tasoulis, Sotiris K and Vrahatis, Aristidis G and Plagianakos, Vassilis P},
  booktitle={Proceedings of the 10th hellenic conference on artificial intelligence},
  pages={1--6},
  year={2018}
}

@article{van2018challenges,
  title={Challenges for toxic comment classification: An in-depth error analysis},
  author={Van Aken, Betty and Risch, Julian and Krestel, Ralf and L{\"o}ser, Alexander},
  journal={arXiv preprint arXiv:1809.07572},
  year={2018}
}

@incollection{risch2020toxic,
  title={Toxic comment detection in online discussions},
  author={Risch, Julian and Krestel, Ralf},
  booktitle={Deep learning-based approaches for sentiment analysis},
  pages={85--109},
  year={2020},
  publisher={Springer}
}

@article{mullah2021advances, 
  title={Advances in machine learning algorithms for hate speech detection in social media: a review},
  author={Mullah, Nanlir Sallau and Zainon, Wan Mohd Nazmee Wan},
  journal={IEEE Access},
  year={2021},
  publisher={IEEE}
}

@article{ayo2020machine, 
  title={Machine learning techniques for hate speech classification of twitter data: State-of-the-art, future challenges and research directions},
  author={Ayo, Femi Emmanuel and Folorunso, Olusegun and Ibharalu, Friday Thomas and Osinuga, Idowu Ademola},
  journal={Computer Science Review},
  volume={38},
  pages={100311},
  year={2020},
  publisher={Elsevier}
}

@inproceedings{rizos2019augment,
  title={Augment to prevent: short-text data augmentation in deep learning for hate-speech classification},
  author={Rizos, Georgios and Hemker, Konstantin and Schuller, Bj{\"o}rn},
  booktitle={Proceedings of the 28th ACM international conference on information and knowledge management},
  pages={991--1000},
  year={2019}
}

@inproceedings{yang2019exploring,
  title={Exploring deep multimodal fusion of text and photo for hate speech classification},
  author={Yang, Fan and Peng, Xiaochang and Ghosh, Gargi and Shilon, Reshef and Ma, Hao and Moore, Eider and Predovic, Goran},
  booktitle={Proceedings of the third workshop on abusive language online},
  pages={11--18},
  year={2019}
}

@article{abarna2022identification, 
  title={Identification of cyber harassment and intention of target users on social media platforms},
  author={Abarna, S and Sheeba, JI and Jayasrilakshmi, S and Devaneyan, S Pradeep},
  journal={Engineering applications of artificial intelligence},
  volume={115},
  pages={105283},
  year={2022},
  publisher={Elsevier}
}

@inproceedings{basu2021cyberpolice,
  title={CyberPolice: Classification of Cyber Sexual Harassment},
  author={Basu, Priyam and Singha Roy, Tiasa and Tiwari, Soham and Mehta, Saksham},
  booktitle={EPIA Conference on Artificial Intelligence},
  pages={701--714},
  year={2021},
  organization={Springer}
}

@inproceedings{marwa2018deep,
  title={Deep learning for online harassment detection in tweets},
  author={Marwa, Tolba and Salima, Ouadfel and Souham, Meshoul},
  booktitle={2018 3rd International Conference on Pattern Analysis and Intelligent Systems (PAIS)},
  pages={1--5},
  year={2018},
  organization={IEEE}
}

@article{vidgen2020directions,
  title={Directions in abusive language training data, a systematic review: Garbage in, garbage out},
  author={Vidgen, Bertie and Derczynski, Leon},
  journal={Plos one},
  volume={15},
  number={12},
  pages={e0243300},
  year={2020},
  publisher={Public Library of Science San Francisco, CA USA}
}

@inproceedings{bourgonje2017automatic,
  title={Automatic classification of abusive language and personal attacks in various forms of online communication},
  author={Bourgonje, Peter and Moreno-Schneider, Julian and Srivastava, Ankit and Rehm, Georg},
  booktitle={International Conference of the German Society for Computational Linguistics and Language Technology},
  pages={180--191},
  year={2017},
  organization={Springer, Cham}
}

@inproceedings{nobata2016abusive,
  title={Abusive language detection in online user content},
  author={Nobata, Chikashi and Tetreault, Joel and Thomas, Achint and Mehdad, Yashar and Chang, Yi},
  booktitle={Proceedings of the 25th international conference on world wide web},
  pages={145--153},
  year={2016}
}

@article{kanan2020cyber,
  title={Cyber-bullying and cyber-harassment detection using supervised machine learning techniques in Arabic social media contents},
  author={Kanan, Tarek and Aldaaja, Amal and Hawashin, Bilal},
  journal={Journal of Internet Technology},
  volume={21},
  number={5},
  pages={1409--1421},
  year={2020}
}

@article{akhter2019cyber,
  title={Cyber bullying detection and classification using multinomial Na{\"\i}ve Bayes and fuzzy logic},
  author={Akhter, Arnisha and Acharjee, Uzzal K and Polash, Md Masbaul A},
  journal={Int. J. Math. Sci. Comput},
  volume={5},
  number={4},
  pages={1--12},
  year={2019}
}

@inproceedings{di2016unsupervised,
  title={Unsupervised cyber bullying detection in social networks},
  author={Di Capua, Michele and Di Nardo, Emanuel and Petrosino, Alfredo},
  booktitle={2016 23rd International conference on pattern recognition (ICPR)},
  pages={432--437},
  year={2016},
  organization={IEEE}
}

@inproceedings{pennington2014glove,
  title={Glove: Global vectors for word representation},
  author={Pennington, Jeffrey and Socher, Richard and Manning, Christopher D},
  booktitle={Proceedings of the 2014 conference on empirical methods in natural language processing (EMNLP)},
  pages={1532--1543},
  year={2014}
}

@article{luhn1957statistical,
  title={A statistical approach to mechanized encoding and searching of literary information},
  author={Luhn, Hans Peter},
  journal={IBM Journal of research and development},
  volume={1},
  number={4},
  pages={309--317},
  year={1957},
  publisher={IBM}
}

@article{jones1972statistical,
  title={A statistical interpretation of term specificity and its application in retrieval},
  author={Jones, Karen Sparck},
  journal={Journal of documentation},
  year={1972},
  publisher={MCB UP Ltd}
}

@article{mikolov2013efficient,
  title={Efficient estimation of word representations in vector space},
  author={Mikolov, Tomas and Chen, Kai and Corrado, Greg and Dean, Jeffrey},
  journal={arXiv preprint arXiv:1301.3781},
  year={2013}
}

@article{mikolov2013distributed,
  title={Distributed representations of words and phrases and their compositionality},
  author={Mikolov, Tomas and Sutskever, Ilya and Chen, Kai and Corrado, Greg S and Dean, Jeff},
  journal={Advances in neural information processing systems},
  volume={26},
  year={2013}
}

@article{bojanowski2017enriching, 
  title={Enriching word vectors with subword information},
  author={Bojanowski, Piotr and Grave, Edouard and Joulin, Armand and Mikolov, Tomas},
  journal={Transactions of the association for computational linguistics},
  volume={5},
  pages={135--146},
  year={2017},
  publisher={MIT Press}
}

@article{joulin2016bag, 
  title={Bag of tricks for efficient text classification},
  author={Joulin, Armand and Grave, Edouard and Bojanowski, Piotr and Mikolov, Tomas},
  journal={arXiv preprint arXiv:1607.01759},
  year={2016}
}

@article{joulin2016fasttext,
  title={Fasttext. zip: Compressing text classification models},
  author={Joulin, Armand and Grave, Edouard and Bojanowski, Piotr and Douze, Matthijs and J{\'e}gou, H{\'e}rve and Mikolov, Tomas},
  journal={arXiv preprint arXiv:1612.03651},
  year={2016}
}

@article{selva2021review,
  title={A review on word embedding techniques for text classification},
  author={Selva Birunda, S and Kanniga Devi, R},
  journal={Innovative Data Communication Technologies and Application},
  pages={267--281},
  year={2021},
  publisher={Springer}
}

@article{rawat2017deep,
  title={Deep convolutional neural networks for image classification: A comprehensive review},
  author={Rawat, Waseem and Wang, Zenghui},
  journal={Neural computation},
  volume={29},
  number={9},
  pages={2352--2449},
  year={2017},
  publisher={MIT Press}
}

@article{androcec2020machine,
  title={Machine learning methods for toxic comment classification: a systematic review},
  author={Androcec, Darko},
  journal={Acta Universitatis Sapientiae, Informatica},
  volume={12},
  number={2},
  pages={205--216},
  year={2020}
}

@article{li2021survey,
  title={A survey of convolutional neural networks: analysis, applications, and prospects},
  author={Li, Zewen and Liu, Fan and Yang, Wenjie and Peng, Shouheng and Zhou, Jun},
  journal={IEEE transactions on neural networks and learning systems},
  year={2021},
  publisher={IEEE}
}
